
@MISC{DipPortal,
	author="Budapesti {M}ûszaki és {G}azdaságtudományi {E}gyetem {V}illamosmérnöki és {I}nformatikai {K}ar",
  title="{D}iplomaterv portál (2011 február 26.)",
  howpublished="\url{http://diplomaterv.vik.bme.hu/}",
}

@online{sensorml,
author = {Mike Botts},
title = {OGC SensorML: 
 Model and XML Encoding Standard 
},
date = {2014-02-04},
url = {https://portal.opengeospatial.org/files/?artifact_id=55939},
language = {english},
organization = {Open Geospatial Consortium},
}

@online{mapserver,
author = {MapServer Community},
title = {MapServer webpage },
date = {2014-05-21},
url = {http://www.mapserver.org/},
}

@online{istsos,
author = {istSOS Community},
title = {istSOS webpage},
date = {2014-05-21},
url = {https://geoservice.ist.supsi.ch/projects/istsos/index.php/Welcome_to_istSOS_project},
}

@online{52north,
author = {52north org.},
title = {Sensor Observation Service},
date = {2014-05-21},
url = {http://52north.org/communities/sensorweb/sos/index.html},
}

@online{jena,
author = {Apache Foundation},
title = {Getting Started},
date = {2014-05-22},
url = {http://jena.apache.org/getting_started/index.html},
}

@online{rdf,
author = { RDF Working Group},
title = {Resource Description Framework (RDF)},
date = { 2014-02-25 },
url = {http://www.w3.org/RDF/},
}

@online{v8,
author = {Google},
title = {Chrome V8},
date = {2014-05-23},
url = {https://developers.google.com/v8/},
}

@online{g2d2,
author = {Dr. Dabóczi Tamás, Dr. Tóth Csaba, Erdos Csanád},
title = {Szenzorvirtualizáció részletes elemzése},
date = {2013-03-31},
url = {https://project.mit.bme.hu/cps/munkaszakaszok/q2-munkaszakasz},
}


@online{g2d4,
	author = {Engedy István, Eredics Péter, Förhécz András},
	title = {Adatelemzés és tudásmodellezés lehet?ségei},
	date = {2013-03-31},
	url = {http://project.mit.bme.hu/cps/munkaszakaszok/q2-munkaszakasz},
}

@online{g5d2,
author = {Dr. Dobrowiecki Taduesz, Förhécz András, Szoke Ákos},
title = {Ontológia kialakítása kiberfizikai rendszerek eszközeinek és folyamatainak leírásához},
date = {2013-12-31},
url = {http://project.mit.bme.hu/cps/munkaszakaszok/q5-munkaszakasz},
}

@online{ssno,
author = {Michael Comptona,Payam Barnaghi, Luis Bermudez, Raúl García-Castro, Oscar Corcho, Simon Coxe, John Graybeal, Manfred Hauswirthg, Cory Hensonh, Arthur Herzog, Vincent Huang, Krzysztof Janowicz, W. David Kelsey, Danh Le Phuoc, Laurent Lefort, Myriam Leggieri,Holger Neuhaus, Andriy Nikolov, Kevin Page, Alexandre Passant, Amit Shethh, Kerry Taylor},
title = {Web Semantics: Science, Services and Agents on the World Wide Web},
date = {2012-05-11},
url = {http://ac.els-cdn.com/S1570826812000571/1-s2.0-S1570826812000571-main.pdf?_tid=84746692-d6ab-11e4-aa36-00000aab0f27&acdnat=1427699467_84b9ffb6f8f2c7c4729a948aea9bb0c3},
}